@book{leonard1995,
  title={Using MATLAB to analyze and design Control Systems},
  author={Leonard, Naomi Ehrich and Levine, William S},
  year={1995},
  publisher={Benjamin-Cummings Publishing Co., Inc.}
}

@article{milani2015,
  title={Multi-objective task scheduling in the cloud computing based on the patrice swarm optimization},
  author={Farnaz Sharifi Milani and Ahmad Habibizad Navin},
  journal={International Journal of Information Technology and Computer Science (IJITCS)},
  volume={7},
  number={5},
  pages={61},
  year={2015},
  doi={10.5815/ijitcs.2015.05.09}
  }

@article{ramezani2014,
author={Fahimeh Ramezani and Jie Lu and Farookh Khadeer Hussain},
title={Task-Based System Load Balancing in Cloud Computing Using Particle Swarm Optimization},
journal={International Journal of Parallel Programming},
year={2014},
volume={42},
number={5},
pages={739--754},
doi={10.1007/s10766-013-0275-4}
}

@inproceedings{sidhu2013,
author={Manitpal S. Sidhu and Parimala Thulasiraman and Ruppa K. Thulasiram},
booktitle={2013 IEEE Symposium on Swarm Intelligence (SIS)},
title={A load-rebalance PSO heuristic for task matching in heterogeneous computing systems},
year={2013},
pages={180-187},
doi={10.1109/SIS.2013.6615176}
}

@article{aron2015,
author={Rajni Aron and Inderveer Chana and Ajith Abraham},
title={A hyper-heuristic approach for resource provisioning-based scheduling in grid environment},
journal={The Journal of Supercomputing},
year={2015},
volume={71},
number={4},
pages={1427--1450},
doi={10.1007/s11227-014-1373-9}
}

@article{liu2010,
title = {Scheduling jobs on computational grids using a fuzzy particle swarm optimization algorithm},
author = {Hongbo Liu and Ajith Abraham and Aboul Ella Hassanien},
journal = {Future Generation Computer Systems},
volume = {26},
number = {8}},
pages = {1336 - 1343}}},
year = {2010}}}},
issn = {0167-739X}}}}},
doi = {https://doi.org/10.1016/j.future.2009.05.022}
}

@inproceedings{zhang2006,
author={Lei Zhang and Yuehui Chen and Bo Yang},
booktitle={Sixth International Conference on Intelligent Systems Design and Applications},
title={Task Scheduling Based on PSO Algorithm in Computational Grid},
year={2006},
volume={2},
pages={696-704},
doi={10.1109/ISDA.2006.253921}
}

@article{zavala2008,
author = {Angel E. Muñoz Zavala and Arturo Hernández Aguirre and Enrique R. Villa Diharce and Salvador Botello Rionda},
title = {Constrained optimization with an improved particle swarm optimization algorithm},
journal = {International Journal of Intelligent Computing and Cybernetics},
volume = {1},
number = {3},
pages = {425-453},
year = {2008},
doi = {10.1108/17563780810893482}
}

@article{yin2006,
title = {A hybrid particle swarm optimization algorithm for optimal task assignment in distributed systems},
journal = {Computer Standards \& Interfaces},
volume = {28},
number = {4},
pages = {441 - 450},
year = {2006},
doi = {https://doi.org/10.1016/j.csi.2005.03.005},
author = {Peng-Yeng Yin and Shiuh-Sheng Yu and Pei-Pei Wang and Yi-Te Wang}
}

@inproceedings{Dasgupta2014,
author={Koustav Dasgupta and Sumit Banerjee},
booktitle={2014 First International Conference on Automation, Control, Energy and Systems (ACES)},
title={Short-term hydrothermal scheduling using particle swarm optimization with constriction Factor and Inertia Weight Approach},
year={2014},
pages={1-6},
doi={10.1109/ACES.2014.6808021}
}

@inproceedings{veeramachaneni2004,
  title={Optimal scheduling in sensor networks using swarm intelligence},
  author={Veeramachaneni, Kalyan and Osadciw, Lisa Ann},
  booktitle={Proceedings of 38th Annual Conference on Information Systems and Sciences},
  pages={17--19},
  year={2004}
}

@article{rodriguez2014,
  title={Deadline based resource provisioning and scheduling algorithm for scientific workflows on clouds},
  author={Maria Alejandra Rodriguez and Rajkumar Buyya},
  journal={IEEE Transactions on Cloud Computing},
  volume={2},
  number={2},
  pages={222--235},
  year={2014},
  publisher={IEEE},
  doi={10.1109/TCC.2014.2314655}
}
@article{yassa2013,
title={Multi-Objective Approach for Energy-Aware Workflow Scheduling in Cloud Computing Environments},
author={Sonia Yassa and Rachid Chelouah and Hubert Kadimaand and Bertrand Granado},
journal={The Scientific World Journal},
volume={2013},
number={350934},
year={2013},
doi={10.1155/2013/350934}
}

@inproceedings{Marcon2013,
author={Daniel S. Marcon and Luiz F. Bittencourt and Ramide Dantas and Miguel C. Neves and Edmundo R. M. Madeira and Stênio Fernandes and Carlos A. Kamienski and Marinho P. Barcelos and Luciano P. Gaspary and Nelson L. S. da Fonseca},
booktitle={2nd IEEE Latin American Conference on Cloud Computing and Communications},
title={Workflow specification and scheduling with security constraints in hybrid clouds},
year={2013},
pages={29-34},
doi={10.1109/LatinCloud.2013.6842219}
}

@article{sellaro2017,
	title={Particle Swarm Optimization para agendamento de tarefas na integra{\c{c}}{\~a}o de aplica{\c{c}}{\~o}es empresariais},
	author={Sellaro, Daniela F},
	journal={V SFCT},
    year={2017}
}

@article{byun2011,
	title={Cost optimized provisioning of elastic resources for application workflows},
	author={Byun, Eun-Kyu and Kee, Yang-Suk and Kim, Jin-Soo and Maeng, Seungryoul},
	journal={Future Generation Computer Systems},
	volume={27},
	number={8},
	pages={1011--1026},
	year={2011},
	publisher={Elsevier}
}

@inproceedings{wu2010,
	title={A revised discrete particle swarm optimization for cloud workflow scheduling},
	author={Wu, Zhangjun and Ni, Zhiwei and Gu, Lichuan and Liu, Xiao},
	booktitle={Computational Intelligence and Security (CIS), 2010 International Conference on},
	pages={184--188},
	year={2010},
	organization={IEEE}
}

@inproceedings{pandey2010,
	title={A particle swarm optimization-based heuristic for scheduling workflow applications in cloud computing environments},
	author={Pandey, Suraj and Wu, Linlin and Guru, Siddeswara Mayura and Buyya, Rajkumar},
	booktitle={Advanced information networking and applications (AINA), 2010 24th IEEE international conference on},
	pages={400--407},
	year={2010},
	organization={IEEE}
}

@article{sousa2004,
	title={Particle swarm based data mining algorithms for classification tasks},
	author={Sousa, Tiago and Silva, Arlindo and Neves, Ana},
	journal={Parallel Computing},
	volume={30},
	number={5},
	pages={767--783},
	year={2004},
	publisher={Elsevier}
}

@article{frantz2016,
	title={On the design of a maintainable software development kit to implement integration solutions},
	author={Frantz, Rafael Z and Corchuelo, Rafael and Roos-Frantz, Fabricia},
	journal={Journal of Systems and Software},
	volume={111},
	pages={89--104},
	year={2016},
	publisher={Elsevier}
}

@book{dietel2009,
	title={Java how to program},
	author={Dietel, Paul},
	year={2009},
	publisher={PHI}
}

@book{tanebaum2009,
	title={Modern operating systems},
	author={Tanenbaum, Andrew},
	year={2009},
	publisher={Pearson Education, Inc.}
}
	
@book{isen2010,
	title={Camel in action},
	author={Ibsen, Claus \& Anstey, Jonathan},
	year={2010},
	publisher={Manning Publications Co.}
}

@book{dossot2014,
	title={Mule in action},
	author={Dossot, David and D'Emic, John and Romero, Victor},
	year={2014},
	publisher={Manning}
}

@book{fisher2012,
	title={Spring integration in action},
	author={Fisher, Mark and Partner, Jonas and Bogoevice, Marius and Fuld, Iwein},
	year={2012},
	publisher={Manning Publications Co.}
}

@book{indrasiri2016,
	title={Introduction to WSO2 ESB},
	author={Indrasiri, Kasun},
	booktitle={Beginning WSO2 ESB},
	year={2016},
	publisher={Springer}
}

@book{surhone2010,
	title={Petals Esb},
	author={Surhone, Lambert M. and Timpledon, Miriam T. and Marseken, Susan F.
	},
	year={2010},
	publisher={Betascript Publishing}
}

@book{rademakers2008,
	title={Open-source ESBs in action},
	author={Rademakers, Tijs and Dirksen, Jos},
	year={2008},
	publisher={Manning}
}
@book{jayasinghe2011,
	title={Apache Axis2 Web Services},
	author={Jayasinghe, Deepal and Azeez, Afkham},
	year={2011},
	publisher={Packt Publishing Ltd}
}
@book{russell2012,
	title={Fuse Esb},
	author={Russell, J. and Cohn, R.},
	isbn={9785510817041},
	year={2012},
	publisher={Book on Demand}
}
@book{konsek2013,
	title={Instant Apache ServiceMix How-to	},
	author={Konsek, Henryk 
	},
	year={2013},
	publisher={Packt Publishing}
}

@book{russell2012_1,
	title={Jitterbit Integration Server},
	author={Russell, J. and Cohn, R.},
	isbn={9785511924892},
	year={2012},
	publisher={Book on Demand}
}

@inproceedings{frantz2012,
	title={A software development kit to implement integration solutions},
	author={Frantz, Rafael Z. and Corchuelo, Rafael},
	booktitle={Proceedings of the 27th Annual ACM Symposium on Applied Computing},
	pages={1647--1652},
	year={2012},
	organization={ACM}
}

@article {huang2003,
title = "A Web services-based framework for business integration solutions",
author = "Ying Huang and Jen-Yao Chung",
journal = "Electronic Commerce Research and Applications",
volume = "2",
number = "1",
pages = "15-26",
year = "2003",
}

@article{frantz2014,
title={Desafios para a implanta{\c{c}}{\~a}o de solu{\c{c}}{\~o}es de integra{\c{c}}{\~a}o de aplica{\c{c}}{\~o}es empresariais em provedores de computa{\c{c}}{\~a}o em nuvem},
author={Frantz, Rafael Z. and Sawicki, Sandro and Roos-Frantz, Fabricia and Corchuelo, Rafael and Basto-Fernandes, Vitor and Hern{\'a}ndez, Inma},
journal={XIX Jornada de Pesquisa},
pages={1--11},
year={2014},
publisher={UNIJUI}
}

@book{hohpe2004,
title = {{Enterprise integration patterns: Designing, building, and deploying messaging solutions}},
publisher = {Addison-Wesley Professional},
year = {2004},
author = {Gregor Hohpe and Bobby Woolf}
}

@article{hohpe2005,
	title={Your coffee shop doesn't use two-phase commit [asynchronous messaging architecture]},
	author={Hohpe, Gregor},
	journal={IEEE software},
	volume={22},
	number={2},
	pages={64--66},
	year={2005},
	publisher={IEEE}
}

@manual{fisher2012spring,
title={Spring Integration Reference Manual, 4.3.7},
author={Fisher, Mark and Bogoevici, Marius and others},
year={2017},
publisher={RELEASE}
}

@book{alexander1977,
title = {{A pattern language: towns, buildings, construction}},
publisher = {Oxford University Press},
year = {1977},
author = {Alexander, Christopher and Ishikawa, Sara and Silvertein, Murray}
}

@book{schildt2014,
  title={Java: the complete reference},
  author={Schildt, Herbert},
    pages={508—519},
  year={2014},
  publisher={McGraw-Hill Education Group}
}

@article{lakra2015,
  title={Multi-objective tasks scheduling algorithm for cloud computing throughput optimization},
  author={Lakra, Atul Vikas and Yadav, Dharmendra Kumar},
  journal={Procedia Computer Science},
  volume={48},
  pages={107--113},
  year={2015},
  publisher={Elsevier}
}

@inproceedings{fukuyama1999,
  title={A particle swarm optimization for reactive power and voltage control considering voltage stability},
  author={Fukuyama, Y and Nakanishi, Yosuke},
  booktitle={Proc. 11th IEEE Int. Conf. Intell. Syst. Appl. Power Syst},
  pages={117--121},
  year={1999}
}

@article{ourique2002,
  title={The use of particle swarm optimization for dynamical analysis in chemical processes},
  author={Cláudia O Ourique and Evaristo C Biscaia and José Carlos Pinto},
  journal={{Computers Chemical Engineering}},
  volume={26},
  number={12},
  pages={1783--1793},
  year={2002},
  publisher={Elsevier}
}

@article{sousa2004,
  title={Particle swarm based data mining algorithms for classification tasks},
  author={Tiago and Silva Sousa and Ana Arlindo and Neves},
  journal={Parallel Computing},
  volume={30},
  number={5},
  pages={767--783},
  year={2004},
  publisher={Elsevier}
}


@article{al2015,
  title={Task scheduling using PSO algorithm in cloud computing environments},
  author={Al-maamari, Ali and Omara, Fatma A},
  journal={International Journal of Grid and Distributed Computing},
  volume={8},
  number={5},
  pages={245--256},
  year={2015}
}

@inproceedings{bratton2007,
	title={Defining a standard for particle swarm optimization},
	author={Bratton, Daniel and Kennedy, James},
	booktitle={Swarm Intelligence Symposium, 2007. SIS 2007. IEEE},
	pages={120--127},
	year={2007},
	organization={IEEE}
}

@article{alrashidi2009,
	title={A survey of particle swarm optimization applications in electric power systems},
	author={AlRashidi, Mohammed R and El-Hawary, Mohamed E},
	journal={IEEE Transactions on Evolutionary Computation},
	volume={13},
	number={4},
	pages={913--918},
	year={2009},
	publisher={IEEE}
}

@inproceedings{eberhart1995,
	title={Particle swarm optimization},
	author={Eberhart, Russell and Kennedy, James},
	booktitle={neural networks, 1995., Proceedings of the IEEE international joint conference on },
	pages={1942--1948},
	year={1995},
	organization={IEEE}
}

@article{figueiredo2013,
	title={Algoritmo Baseado em Enxame de Part{\'\i}culas para Otimiza{\c{c}}{\~a}o de Problemas com Muitos Objetivos},
	author={FIGUEIREDO, Elliackin Messias do Nascimento},
	year={2013},
	publisher={Universidade Federal de Pernambuco}
}

@article{alrashidi2009,
	title={A survey of particle swarm optimization applications in electric power systems},
	author={AlRashidi, Mohammed R and El-Hawary, Mohamed E},
	journal={IEEE Transactions on Evolutionary Computation},
	volume={13},
	number={4},
	pages={913--918},
	year={2009},
	publisher={IEEE}
}

@book{engelbrecht2007,
	title={Computational intelligence: an introduction},
	author={Engelbrecht, Andries P},
	year={2007},
	publisher={John Wiley \& Sons}		
}

@article{van2006,
	title={A study of particle swarm optimization particle trajectories},
	author={Van Den Bergh, Frans and Engelbrecht, Andries Petrus},
	journal={Information sciences},
	volume={176},
	number={8},
	pages={937--971},
	year={2006},
	publisher={Elsevier}
}

@masterthesis{figueiredo2013,
	title={Algoritmo Baseado em Enxame de Part{\'\i}culas para Otimiza{\c{c}}{\~a}o de Problemas com Muitos Objetivos},
	author={FIGUEIREDO, Elliackin Messias do Nascimento},
	year={2013},
	publisher={Universidade Federal de Pernambuco}
}

@book{lazinica2009,
	title={Particle swarm optimization},
	author={Lazinica, Aleksandar},
	year={2009},
	publisher={InTech Kirchengasse}
}

@patent{abraham2016runtime,
	title={Runtime capacity planning in a simultaneous multithreading (SMT) environment},
	author={Abraham, Ansu A and King, Gary M and Rosa, Daniel V and Schmidt, Donald W},
	year={2016},
	month=aug # "~16",
	publisher={Google Patents},
	note={US Patent 9,417,927}
}

@article{deb2002,
	title={A fast and elitist multiobjective genetic algorithm: NSGA-II},
	author={Deb, Kalyanmoy and Pratap, Amrit and Agarwal, Sameer and Meyarivan, TAMT},
	journal={IEEE transactions on evolutionary computation},
	volume={6},
	number={2},
	pages={182--197},
	year={2002},
	publisher={IEEE}
}